<record><leader>00000cas a22000007a 4500</leader><controlfield tag="001">8814604</controlfield><controlfield tag="008">820928d19061948iluwr ne      0    0srpx </controlfield><datafield ind1=" " ind2=" " tag="010"><subfield code="a">sn 82014274 </subfield></datafield><datafield ind1=" " ind2=" " tag="040"><subfield code="a">DLC</subfield><subfield code="b">eng</subfield><subfield code="c">DLC</subfield><subfield code="d">NPW</subfield><subfield code="d">CRL</subfield><subfield code="d">DLC</subfield><subfield code="d">OCLCQ</subfield><subfield code="d">OCLCF</subfield><subfield code="d">OCLCO</subfield></datafield><datafield ind1="1" ind2=" " tag="029"><subfield code="a">AU@</subfield><subfield code="b">000020288905</subfield></datafield><datafield ind1="0" ind2=" " tag="041"><subfield code="a">srphrveng</subfield></datafield><datafield ind1=" " ind2=" " tag="042"><subfield code="a">msc</subfield></datafield><datafield ind1=" " ind2=" " tag="043"><subfield code="a">n-us---</subfield></datafield><datafield ind1="0" ind2="0" tag="050"><subfield code="a">Newspaper 7002</subfield></datafield><datafield ind1="0" ind2="0" tag="245"><subfield code="a">Ujedinjeno srpstvo =</subfield><subfield code="b">United Serbians.</subfield></datafield><datafield ind1="3" ind2="1" tag="246"><subfield code="a">United Serbians</subfield></datafield><datafield ind1="1" ind2="3" tag="246"><subfield code="a">United Servian</subfield><subfield code="f">&lt;Dec. 15, 1917&gt;-Nov. 9, 1918</subfield></datafield><datafield ind1=" " ind2=" " tag="260"><subfield code="a">Chicago, Ill. :</subfield><subfield code="b">J.R. Palandech,</subfield><subfield code="c">-1948.</subfield></datafield><datafield ind1=" " ind2=" " tag="300"><subfield code="a">v. :</subfield><subfield code="b">ill. ;</subfield><subfield code="c">53-60 cm.</subfield></datafield><datafield ind1=" " ind2=" " tag="310"><subfield code="a">Weekly</subfield></datafield><datafield ind1="0" ind2=" " tag="362"><subfield code="a">-year 43, no. 26 (Nov. 4th, 1948).</subfield></datafield><datafield ind1="1" ind2=" " tag="362"><subfield code="a">Began in 1906.</subfield></datafield><datafield ind1=" " ind2=" " tag="500"><subfield code="a">"Independent."</subfield></datafield><datafield ind1=" " ind2=" " tag="500"><subfield code="a">Publisher: Palendech's Pub. House, &lt;May 15, 1947&gt;-Nov. 4, 1948.</subfield></datafield><datafield ind1=" " ind2=" " tag="500"><subfield code="a">Published on Saturday, &lt;Dec. 15, 1917-Mar. 7, 1922&gt;; on Thursday, &lt;May 15, 1947&gt;-Nov. 4, 1948.</subfield></datafield><datafield ind1=" " ind2=" " tag="500"><subfield code="a">Includes: &quot;Jedinstvo: sluz&#780;beni deo najvec&#780;eg srpskog potpornog saveza na srednjem zapadu.&quot; &lt;May 15, 1947&gt;-Nov. 4, 1948.</subfield></datafield><datafield ind1="8" ind2=" " tag="521"><subfield code="a">"Oldest, best and most influential Serbian newspaper in the United States," &lt;Dec. 15, 1917-Mar. 7, 1922&gt;.</subfield></datafield><datafield ind1=" " ind2=" " tag="530"><subfield code="a">Also issued on microfilm from the Center for Research Libraries.</subfield></datafield><datafield ind1=" " ind2=" " tag="546"><subfield code="a">In Serbo-Croatian (Cyrillic), Serbo-Croatian (roman) and English.</subfield></datafield><datafield ind1=" " ind2=" " tag="550"><subfield code="a">Issued by: Srpski potporni savez "Jedinstvo," &lt;May 15, 1947&gt;-Nov. 4, 1948.</subfield></datafield><datafield ind1=" " ind2=" " tag="588"><subfield code="a">Description based on: G. 12., br. 26. (Dec. 15, 1917).</subfield></datafield><datafield ind1=" " ind2="0" tag="650"><subfield code="a">Serbs</subfield><subfield code="z">United States</subfield><subfield code="v">Newspapers.</subfield></datafield><datafield ind1=" " ind2="7" tag="655"><subfield code="a">Newspapers.</subfield><subfield code="2">fast</subfield><subfield code="0">(OCoLC)fst01423814</subfield></datafield><datafield ind1=" " ind2="7" tag="650"><subfield code="a">Serbs.</subfield><subfield code="2">fast</subfield><subfield code="0">(OCoLC)fst01113050</subfield></datafield><datafield ind1=" " ind2="7" tag="651"><subfield code="a">United States.</subfield><subfield code="2">fast</subfield><subfield code="0">(OCoLC)fst01204155</subfield></datafield><datafield ind1="2" ind2=" " tag="710"><subfield code="a">Srpski potporni savez "Jedinstvo" (U.S.)</subfield></datafield><datafield ind1=" " ind2=" " tag="752"><subfield code="a">United States</subfield><subfield code="b">Illinois</subfield><subfield code="c">Cook</subfield><subfield code="d">Chicago.</subfield></datafield><datafield ind1="0" ind2="0" tag="785"><subfield code="t">Jedinstvo (Chicago, Ill.)</subfield><subfield code="w">(DLC)sn 83045311</subfield><subfield code="w">(OCoLC)9417936</subfield></datafield></record>